<record><leader>00000cas a22000007a 4500</leader><controlfield tag="001">26238558</controlfield><controlfield tag="008">920722d19041912njuwr ne      0    0eng d</controlfield><datafield ind1=" " ind2=" " tag="010"><subfield code="a">sn 92059939 </subfield></datafield><datafield ind1=" " ind2=" " tag="040"><subfield code="a">NJW</subfield><subfield code="c">NJW</subfield><subfield code="d">OCLCQ</subfield></datafield><datafield ind1="0" ind2=" " tag="130"><subfield code="a">New Jersey standard (Red Bank, N.J. : 1904)</subfield></datafield><datafield ind1="1" ind2="4" tag="245"><subfield code="a">The New Jersey standard.</subfield></datafield><datafield ind1=" " ind2=" " tag="260"><subfield code="a">Red Bank, N.J. :</subfield><subfield code="b">Credo Harris</subfield></datafield><datafield ind1=" " ind2=" " tag="300"><subfield code="a">v.</subfield></datafield><datafield ind1=" " ind2=" " tag="310"><subfield code="a">Weekly</subfield></datafield><datafield ind1="0" ind2=" " tag="362"><subfield code="a">Vol. 53, no. 41 (Oct. 21, 1904)-</subfield></datafield><datafield ind1=" " ind2=" " tag="515"><subfield code="a">First issue numbered as v. 53, no. 41 but constitutes v. 60, no. 41.</subfield></datafield><datafield ind1=" " ind2=" " tag="752"><subfield code="a">United States</subfield><subfield code="b">New Jersey</subfield><subfield code="c">Monmouth</subfield><subfield code="d">Red Bank.</subfield></datafield><datafield ind1="0" ind2="0" tag="780"><subfield code="t">Standard (Red Bank, N.J. : 1904)</subfield><subfield code="w">(DLC)sn 92059938</subfield><subfield code="w">(OCoLC)26238376</subfield></datafield><datafield ind1="0" ind2="0" tag="785"><subfield code="t">Red Bank standard</subfield><subfield code="w">(DLC)sn 85035804</subfield></datafield><datafield ind1=" " ind2=" " tag="994"><subfield code="a">11</subfield><subfield code="b">OCL</subfield><subfield code="i">07722</subfield></datafield></record>